<record><leader>00000cas a2200000 a 4500</leader><controlfield tag="001">31334826</controlfield><controlfield tag="008">941024d1902191uiluwr ne      0   a0eng c</controlfield><datafield ind1=" " ind2=" " tag="010"><subfield code="a">sn 94060756 </subfield></datafield><datafield ind1=" " ind2=" " tag="040"><subfield code="a">NVF</subfield><subfield code="b">eng</subfield><subfield code="c">NVF</subfield><subfield code="d">CVF</subfield><subfield code="d">NVF</subfield><subfield code="d">OCLCQ</subfield><subfield code="d">OCLCF</subfield><subfield code="d">NVF</subfield><subfield code="d">OCLCO</subfield></datafield><datafield ind1="1" ind2=" " tag="029"><subfield code="a">AU@</subfield><subfield code="b">000011358196</subfield></datafield><datafield ind1=" " ind2=" " tag="042"><subfield code="a">pcc</subfield></datafield><datafield ind1=" " ind2=" " tag="043"><subfield code="a">n-us-il</subfield></datafield><datafield ind1="0" ind2="0" tag="245"><subfield code="a">Lemont Phoenix-advertiser and observer.</subfield></datafield><datafield ind1="1" ind2=" " tag="246"><subfield code="i">Published as:</subfield><subfield code="a">Lemont Phoenix-advertiser</subfield><subfield code="f">&lt;Oct. 7, 1909&gt;</subfield></datafield><datafield ind1="3" ind2=" " tag="246"><subfield code="a">Lemont Phoenix advertiser and observer</subfield></datafield><datafield ind1="3" ind2=" " tag="246"><subfield code="a">Lemont Phoenix advertiser</subfield></datafield><datafield ind1=" " ind2=" " tag="260"><subfield code="a">Lemont, Ill. :</subfield><subfield code="b">Will County Print. Co.,</subfield><subfield code="c">1902-[191-?]</subfield></datafield><datafield ind1=" " ind2=" " tag="300"><subfield code="a">v.</subfield></datafield><datafield ind1=" " ind2=" " tag="310"><subfield code="a">Weekly</subfield></datafield><datafield ind1="0" ind2=" " tag="362"><subfield code="a">Vol. 27, no. 51 (Dec. 18, 1902)-</subfield></datafield><datafield ind1=" " ind2=" " tag="580"><subfield code="a">Formed by the union of: Lemont weekly observer (Lemont, Ill. : 1901) and: Lemont Phoenix-advertiser.</subfield></datafield><datafield ind1=" " ind2=" " tag="588"><subfield code="a">Latest issue consulted: Vol. 41, no. 52 (Dec. 28, 1916).</subfield></datafield><datafield ind1=" " ind2="0" tag="651"><subfield code="a">Lemont (Ill.)</subfield><subfield code="v">Newspapers.</subfield></datafield><datafield ind1=" " ind2="0" tag="651"><subfield code="a">Phoenix (Ill.)</subfield><subfield code="v">Newspapers.</subfield></datafield><datafield ind1=" " ind2="7" tag="651"><subfield code="a">Illinois</subfield><subfield code="z">Lemont.</subfield><subfield code="2">fast</subfield><subfield code="0">(OCoLC)fst01213957</subfield></datafield><datafield ind1=" " ind2="7" tag="651"><subfield code="a">Illinois</subfield><subfield code="z">Phoenix.</subfield><subfield code="2">fast</subfield><subfield code="0">(OCoLC)fst01260982</subfield></datafield><datafield ind1=" " ind2="7" tag="655"><subfield code="a">Newspapers.</subfield><subfield code="2">fast</subfield><subfield code="0">(OCoLC)fst01423814</subfield></datafield><datafield ind1=" " ind2=" " tag="752"><subfield code="a">United States</subfield><subfield code="b">Illinois</subfield><subfield code="c">Cook</subfield><subfield code="d">Lemont.</subfield></datafield><datafield ind1="1" ind2="4" tag="780"><subfield code="t">Lemont weekly observer (Lemont, Ill. : 1901)</subfield><subfield code="w">(DLC)sn 94060694</subfield><subfield code="w">(OCoLC)31334785</subfield></datafield><datafield ind1="1" ind2="4" tag="780"><subfield code="t">Lemont Phoenix-advertiser</subfield><subfield code="w">(DLC)sn 94060695</subfield><subfield code="w">(OCoLC)31334925</subfield></datafield><datafield ind1="0" ind2="0" tag="785"><subfield code="t">Lemont Phoenix-advertiser (Lemont, Ill. : 1909)</subfield><subfield code="w">(DLC)sn2002060778</subfield><subfield code="w">(OCoLC)50943238</subfield></datafield></record>